@Book{stuart2021,
  author    = {Russell, Stuart and Norvig, Peter},
  date      = {2021},
  title     = {Artificial intelligence : a modern approach},
  edition   = {4},
  publisher = {Pearson},
}

@Book{duda2001,
  author    = {Duda, Richard O. and Hart, Peter E. and Stork, David G.},
  date      = {2001},
  title     = {Pattern classification},
  edition   = {2},
  publisher = {John Wiley \& sons},
}

@Book{bishop2006,
  author    = {Bishop, Christopher M.},
  publisher = {Springer},
  title     = {Pattern Recognition and Machine Learning},
  year      = {2006},
}

@Book{james2023,
  author    = {James, Gareth and Witten, Daniela and Hastie, Trevor and Tibshirani, Robert and Taylor, Jonathan},
  date      = {2023},
  title     = {An Introduction to Statistical Learning: With Applications in Python},
  publisher = {Springer Nature},
}

@Book{barra2021,
  author    = {Barra, Vincent and Cornu{\'e}jols, Antoine and Miclet, Laurent},
  date      = {2021},
  title     = {Apprentissage Artificiel: Concepts et Algorithmes},
  edition   = {4},
  language  = {french},
  publisher = {Editions Eyrolles},
}

@Book{zhang2023,
  author    = {Zhang, Aston and Lipton, Zachary C and Li, Mu and Smola, Alexander J.},
  date      = {2023},
  title     = {Dive into Deep Learning},
  publisher = {Cambridge University Press},
}

@Book{chollet2021,
  author    = {Chollet, Francois},
  date      = {2021},
  title     = {Deep learning with Python},
  edition   = {2},
  publisher = {Manning},
}

@Book{goodfellow2016,
  author    = {Goodfellow, Ian and Bengio, Yoshua and Courville, Aaron},
  date      = {2016},
  title     = {Deep Learning},
  publisher = {MIT Press},
}

@Comment{jabref-meta: databaseType:biblatex;}
